<record><leader>00000cas a2200000 a 4500</leader><controlfield tag="001">31876963</controlfield><controlfield tag="008">950124d19651972caudr ne      0    0eng c</controlfield><datafield ind1=" " ind2=" " tag="010"><subfield code="a">sn 94051620 </subfield></datafield><datafield ind1=" " ind2=" " tag="040"><subfield code="a">CNK</subfield><subfield code="b">eng</subfield><subfield code="c">CNK</subfield><subfield code="d">OCLCQ</subfield><subfield code="d">CNK</subfield><subfield code="d">OCLCQ</subfield><subfield code="d">OCLCF</subfield><subfield code="d">OCLCO</subfield></datafield><datafield ind1="1" ind2=" " tag="029"><subfield code="a">AU@</subfield><subfield code="b">000011544022</subfield></datafield><datafield ind1=" " ind2=" " tag="042"><subfield code="a">pcc</subfield></datafield><datafield ind1=" " ind2=" " tag="043"><subfield code="a">n-us-ca</subfield></datafield><datafield ind1="0" ind2=" " tag="130"><subfield code="a">Herald &amp; news (Livermore, Calif.)</subfield></datafield><datafield ind1="1" ind2="0" tag="245"><subfield code="a">Herald &amp; news.</subfield></datafield><datafield ind1="3" ind2=" " tag="246"><subfield code="a">Herald and news</subfield></datafield><datafield ind1="1" ind2=" " tag="246"><subfield code="i">Published as:</subfield><subfield code="a">Herald news</subfield><subfield code="f">Aug. 2-Sept. 1, 1966 and Jan. 17, 1968-Dec. 26, 1972</subfield></datafield><datafield ind1=" " ind2=" " tag="260"><subfield code="a">Livermore, Alameda Co., Calif. :</subfield><subfield code="b">Bay Area Pub. Co.</subfield></datafield><datafield ind1=" " ind2=" " tag="300"><subfield code="a">v.</subfield></datafield><datafield ind1=" " ind2=" " tag="310"><subfield code="a">Daily,</subfield><subfield code="b">Aug. 2, 1966-Dec. 26, 1972</subfield></datafield><datafield ind1=" " ind2=" " tag="321"><subfield code="a">3 times a week,</subfield><subfield code="b">Oct. 13, 1965-Aug. 1, 1966</subfield></datafield><datafield ind1="0" ind2=" " tag="362"><subfield code="a">87th year, no. 144 (Oct. 13, 1965)-v. 98, no. 146 (Dec. 26, 1972).</subfield></datafield><datafield ind1=" " ind2=" " tag="500"><subfield code="a">Issued in geographic editions.</subfield></datafield><datafield ind1=" " ind2=" " tag="530"><subfield code="a">Master negatives are available for duplication from:</subfield><subfield code="b">California Newspaper Microfilm Archive;</subfield><subfield code="c">positive copies may be purchased by the reel; for further information consult the CNMA at:</subfield><subfield code="u">http://cbsr.ucr.edu</subfield></datafield><datafield ind1=" " ind2="0" tag="651"><subfield code="a">Livermore (Calif.)</subfield><subfield code="v">Newspapers.</subfield></datafield><datafield ind1=" " ind2="7" tag="655"><subfield code="a">Newspapers.</subfield><subfield code="2">fast</subfield><subfield code="0">(OCoLC)fst01423814</subfield></datafield><datafield ind1=" " ind2="7" tag="651"><subfield code="a">California</subfield><subfield code="z">Livermore.</subfield><subfield code="2">fast</subfield><subfield code="0">(OCoLC)fst01205340</subfield></datafield><datafield ind1=" " ind2=" " tag="752"><subfield code="a">United States</subfield><subfield code="b">California</subfield><subfield code="c">Alameda</subfield><subfield code="d">Livermore.</subfield></datafield><datafield ind1="0" ind2="0" tag="780"><subfield code="t">Livermore herald and news</subfield><subfield code="w">(DLC)sn 94051619</subfield></datafield><datafield ind1="0" ind2="0" tag="785"><subfield code="t">Tri-valley herald and news</subfield><subfield code="w">(DLC)sn 98061770</subfield></datafield></record>